@misc{web:UndNano,
	author = "Understanding Nano",
	howpublished = "\url{http://www.understandingnano.com}"
},

@misc{web:ChpTube,
	author = "Cheap Tubes",
	howpublished="\url{https://www.cheaptubes.com/carbon-nanotubes-applications/#CNTs%20Conductive%20Plastics}"
},

@misc{web:SynBioUses,
	author = "Biology Innovation Organization",
	howpublished = "\url{https://www.bio.org/articles/current-uses-synthetic-biology}"
},

@misc{web:SynBioFAQ,
	author = "Synthetic biology",
	howpublished = "\url{http://syntheticbiology.org/FAQ.html}"
},

@misc{web:IoT_Cisco,
	author = "CISCO",
	howpublished = "\url{http://www.cisco.com/c/en/us/solutions/internet-of-things/overview.html}"
},

@misc{web:IoT_Gartner,
	author = "Gartner",
	howpublished = "\url{http://www.gartner.com/newsroom/id/3221818}"
},

@misc{web:CRel,
	author = "Crel",
	howpublished = "\url{http://www.renders-graphiques.fr/galerie/Jeux-video-3/Adam-Jensen-Deus-Ex--91655.htm}"
},

@misc{web:BCI_overview,
	author = "Nicolas-Alonso, Gomez-Gil",
	howpublished = "\url{https://www.ncbi.nlm.nih.gov/pmc/articles/PMC3304110/pdf/sensors-12-01211.pdf}"
},

@misc{web:Pupil_BCI,
	author = "Math\^ot",
	howpublished = "\url{https://www.ncbi.nlm.nih.gov/pmc/articles/PMC4743834/pdf/pone.0148805.pdf}"
},

@misc{web:EdTech,
	author = "Clark Quinn",
	howpublished = "\url{http://www.litmos.com/blog/hi-tech/10-new-learning-technologies-by-dr-clark-quinn}"
}